Automatically generated by Mendeley Desktop 1.17.13
Any changes to this file will be lost if it is regenerated by Mendeley.

BibTeX export options can be customized via Options -> BibTeX in Mendeley Desktop

@article{Chisum2003a,
author = {Chisum, HJ and Mooser, F and Fitzpatrick, David},
file = {:C$\backslash$:/Users/yamsan167/AppData/Local/Mendeley Ltd./Mendeley Desktop/Downloaded/Chisum, Mooser, Fitzpatrick - 2003 - Emergent properties of layer 23 neurons reflect the collinear arrangement of horizontal connections.pdf:pdf},
journal = {The Journal of neuroscience},
keywords = {collinear facilitation,horizontal connections,optical imaging,population activity,tree shrew,v1,visual cortex},
number = {7},
pages = {2947--2960},
title = {{Emergent properties of layer 2/3 neurons reflect the collinear arrangement of horizontal connections in tree shrew visual cortex}},
url = {http://www.jneurosci.org/content/23/7/2947.short},
volume = {23},
year = {2003}
}
