@article{smith2016,
  title="A review of the use of cat pictures in teaching {\LaTeX}",
  author = {Smith, J},
  year = 2016,
  month = 1,
  volume = 2,
  number = 3,
  journal="{\LaTeX} Cat Pictures Monthly"
}

@misc{oetiker-lshort-2015,
    author =   {Oetiker, T. and Partl, H. and Hyna, I. and Schlegl, E.},
    title =    "The Not So Short Introduction to {\LaTeX2e}",
    howpublished = {\url{https://tobi.oetiker.ch/lshort/lshort.pdf}},
    year = {1995--2015},
    edition={5.05}
}

@misc{tantau-tikz-pgf-3.0.1a,
    author =   {Tantau, T.},
    title =    "The Ti{\textit{k}}Z and {\textsc{pgf}} Packages",
    howpublished = {\url{http://mirrors.ctan.org/graphics/pgf/base/doc/pgfmanual.pdf}},
    year = {2007--2015},
    edition={3.0.1a}
}

@misc{patashnik-bibtex-1988,
    author =   {Patashnik, O.},
    title =    "{\textsc{Bib}\TeX}ing",
    howpublished = {\url{http://mirrors.ctan.org/biblio/bibtex/base/btxdoc.pdf}},
    year = {1988}
}

@misc{markey-ttb-2009,
    author =   {Markey, N.},
    title =    "Tame the {BeaST}",
    howpublished = {\url{http://tug.ctan.org/info/bibtex/tamethebeast/ttb_en.pdf}},
    year = {2009}
}

@misc{daly-natbib-2010,
    author =   {Daly, P. W.},
    title =    "Natural Sciences Citations and References",
    howpublished = {\url{http://mirrors.ctan.org/macros/latex/contrib/natbib/natbib.pdf}},
    year = {2010}
}

@book{mittelbach-goossens-2004,
  title={The LATEX companion},
  author={Mittelbach, Frank and Goossens, Michel and Braams, Johannes and Carlisle, David and Rowley, Chris},
  year={2004},
  publisher={Addison-Wesley Professional}
}

@book{knuth-texbook-1986,
  title={The {\TeX}book},
  author={Knuth, Donald and Bibby, Duane},
  volume={1993},
  year={1986},
  publisher={Addison-Wesley Reading, Mass.}
}

@misc{stackoverflow-git+latex-workflow,
    title = "Git + {\LaTeX} workflow",
    author = {Moy, M.},
    howpublished = {\url{http://stackoverflow.com/a/6190412}},
    year = {2011}
}

@misc{tex-stackexchange-git-latex-and-branches-workflow,
    title = "Git {\LaTeX} and branches workflow",
    author = {Stack~Exchange, {\TeX-\LaTeX}},
    howpublished = {\url{https://tex.stackexchange.com/questions/103244/git-latex-and-branches-workflow}},
    year = {2013}
}

@misc{allen-collaborating-with-latex-and-git,
    title = "Collaborating with {\LaTeX} and Git",
    author = {Allen, J.},
    howpublished = {\url{https://www.sharelatex.com/blog/2012/10/16/collaborating-with-latex-and-git.html}},
    year = {2012}
}

@book{chacon-pro-git-2014,
    title = "{Pro Git}",
    author = {Chacon, S. and Straub, B.},
    publisher = {Apress},
    howpublished = {\url{https://git-scm.com/book/en/v2}},
    year = {2014}
}

@misc{gonzalez-huang-swc-git-novice,
    title = "Version Control with Git",
    author = {Gonzalez, I. and Huang, D.},
    howpublished = {\url{https://swcarpentry.github.io/git-novice/}}
}
